<record><leader>00000cas a22000007a 4500</leader><controlfield tag="001">15911785</controlfield><controlfield tag="008">870611d19221925msuir ne      0    0eng d</controlfield><controlfield tag="009">1682</controlfield><datafield ind1=" " ind2=" " tag="010"><subfield code="a">sn 87065687 </subfield></datafield><datafield ind1=" " ind2=" " tag="040"><subfield code="a">MPC</subfield><subfield code="b">eng</subfield><subfield code="c">MPC</subfield><subfield code="d">MSJ</subfield><subfield code="d">OCL</subfield><subfield code="d">MUM</subfield><subfield code="d">OCLCA</subfield></datafield><datafield ind1=" " ind2=" " tag="042"><subfield code="a">msc</subfield></datafield><datafield ind1="0" ind2=" " tag="130"><subfield code="a">Yazoo sentinel (Yazoo City, Miss. : 1922)</subfield></datafield><datafield ind1="0" ind2="4" tag="245"><subfield code="a">The Yazoo sentinel.</subfield></datafield><datafield ind1="1" ind2="0" tag="246"><subfield code="a">Yazoo tri-weekly sentinel</subfield></datafield><datafield ind1=" " ind2=" " tag="260"><subfield code="a">Yazoo City, Miss. :</subfield><subfield code="b">F.R. Birdsall,</subfield><subfield code="c">1922-1925.</subfield></datafield><datafield ind1=" " ind2=" " tag="310"><subfield code="a">Triweekly</subfield></datafield><datafield ind1="0" ind2=" " tag="362"><subfield code="a">Vol. 1, no. 1 (Jan. 23, 1922)-v. 51, no. 214 (May 22, 1925).</subfield></datafield><datafield ind1=" " ind2=" " tag="500"><subfield code="a">"Official paper of Yazoo City, Yazoo County, and Yazoo-Mississippi Delta Levee Board"</subfield></datafield><datafield ind1=" " ind2=" " tag="500"><subfield code="a">Running title: The Yazoo tri-weekly sentinel.</subfield></datafield><datafield ind1=" " ind2=" " tag="515"><subfield code="a">Numbering is irregular.</subfield></datafield><datafield ind1="2" ind2=" " tag="710"><subfield code="a">Board of Levee Commissioners for the Yazoo-Mississippi Delta.</subfield></datafield><datafield ind1=" " ind2=" " tag="752"><subfield code="a">United States</subfield><subfield code="b">Mississippi</subfield><subfield code="c">Yazoo</subfield><subfield code="d">Yazoo City.</subfield></datafield><datafield ind1="0" ind2="0" tag="780"><subfield code="t">Yazoo weekly sentinel</subfield><subfield code="w">(OCoLC)15911542</subfield></datafield><datafield ind1="0" ind2="0" tag="785"><subfield code="t">Yazoo tri-weekly sentinel</subfield><subfield code="w">(OCoLC)16671518</subfield></datafield></record>